@book{analyza_metod_maticove_vyp,
  title={Analýza metod pro maticové výpočty. Základní metody},
  author={Jurjen {Duintjer Tebbens} and Iveta Hn{\v e}tynkov{\'a} and  Martin Ple{\v s}inger and Zden{\v e}k Strako{\v s} and Petr Tich{\'y}},
  publisher={Matfyzpress},
  pages={328},
  isbn={978-80-7378-201-6},
  year={2012}
}